
@article{2019A&A...626A..96L,
	adsnote = {Provided by the SAO/NASA Astrophysics Data System},
	adsurl = {https://ui.adsabs.harvard.edu/abs/2019A&A...626A..96L},
	archiveprefix = {arXiv},
	author = {{Lebreuilly}, U. and {Commer{\c{c}}on}, B. and {Laibe}, G.},
	date-added = {2022-12-23 00:04:20 +0100},
	date-modified = {2022-12-23 00:04:20 +0100},
	doi = {10.1051/0004-6361/201834147},
	eid = {A96},
	eprint = {1905.01948},
	journal = {\aap},
	keywords = {ISM: kinematics and dynamics, hydrodynamics, stars: formation, protoplanetary disks, methods: numerical, Astrophysics - Instrumentation and Methods for Astrophysics, Astrophysics - Astrophysics of Galaxies, Astrophysics - Solar and Stellar Astrophysics},
	month = jun,
	pages = {A96},
	primaryclass = {astro-ph.IM},
	title = {{Small dust grain dynamics on adaptive mesh refinement grids. I. Methods}},
	volume = {626},
	year = 2019,
	bdsk-url-1 = {https://doi.org/10.1051/0004-6361/201834147}}

@inproceedings{2019sf2a.conf..447L,
	adsnote = {Provided by the SAO/NASA Astrophysics Data System},
	adsurl = {https://ui.adsabs.harvard.edu/abs/2019sf2a.conf..447L},
	author = {{Lombart}, M. and {Laibe}, G.},
	booktitle = {SF2A-2019: Proceedings of the Annual meeting of the French Society of Astronomy and Astrophysics},
	date-added = {2022-12-23 00:04:14 +0100},
	date-modified = {2022-12-23 00:04:14 +0100},
	editor = {{Di Matteo}, P. and {Creevey}, O. and {Crida}, A. and {Kordopatis}, G. and {Malzac}, J. and {Marquette}, J. -B. and {N'Diaye}, M. and {Venot}, O.},
	keywords = {Planets and satellites: formation, Dust, extinction, Methods: numerical.},
	month = dec,
	pages = {Di},
	title = {{Towards ultra speed up for dust growth schemes}},
	year = 2019}

@inproceedings{2019ESS.....432406L,
	adsnote = {Provided by the SAO/NASA Astrophysics Data System},
	adsurl = {https://ui.adsabs.harvard.edu/abs/2019ESS.....432406L},
	author = {{Lovascio}, Francesco and {Paardekooper}, Sijme-Jan},
	booktitle = {AAS/Division for Extreme Solar Systems Abstracts},
	date-added = {2022-12-22 23:59:56 +0100},
	date-modified = {2022-12-22 23:59:56 +0100},
	eid = {324.06},
	month = aug,
	pages = {324.06},
	series = {AAS/Division for Extreme Solar Systems Abstracts},
	title = {{Can a dust gas mixture be modelled as a single fluid?}},
	volume = {51},
	year = 2019}

@article{2019MNRAS.488.5290L,
	adsnote = {Provided by the SAO/NASA Astrophysics Data System},
	adsurl = {https://ui.adsabs.harvard.edu/abs/2019MNRAS.488.5290L},
	archiveprefix = {arXiv},
	author = {{Lovascio}, Francesco and {Paardekooper}, Sijme-Jan},
	date-added = {2022-12-22 23:59:50 +0100},
	date-modified = {2022-12-22 23:59:50 +0100},
	doi = {10.1093/mnras/stz2035},
	eprint = {1907.09541},
	journal = {\mnras},
	keywords = {hydrodynamics, shock waves, methods: analytical, methods: numerical, protoplanetary discs, Astrophysics - Earth and Planetary Astrophysics, Astrophysics - Instrumentation and Methods for Astrophysics},
	month = oct,
	number = {4},
	pages = {5290-5299},
	primaryclass = {astro-ph.EP},
	title = {{Dynamics of dusty vortices - I. Extensions and limitations of the terminal velocity approximation}},
	volume = {488},
	year = 2019,
	bdsk-url-1 = {https://doi.org/10.1093/mnras/stz2035}}
